<record><leader>00000cas a22000007a 4500</leader><controlfield tag="001">25053210</controlfield><controlfield tag="008">920106d190019uuohusn ne      0    0hun d</controlfield><datafield ind1=" " ind2=" " tag="010"><subfield code="a">sn 91069184 </subfield></datafield><datafield ind1=" " ind2=" " tag="040"><subfield code="a">ONP</subfield><subfield code="b">eng</subfield><subfield code="c">ONP</subfield><subfield code="d">OCLCQ</subfield><subfield code="d">PTS</subfield><subfield code="d">OCLCO</subfield><subfield code="d">OCLCF</subfield><subfield code="d">OCLCQ</subfield><subfield code="d">OCLCO</subfield></datafield><datafield ind1="0" ind2=" " tag="041"><subfield code="a">hun</subfield><subfield code="a">eng</subfield></datafield><datafield ind1=" " ind2=" " tag="042"><subfield code="a">msc</subfield></datafield><datafield ind1=" " ind2=" " tag="043"><subfield code="a">n-us---</subfield></datafield><datafield ind1="0" ind2=" " tag="130"><subfield code="a">Refomatusok Lapja (Oberlin, Ohio)</subfield></datafield><datafield ind1="1" ind2="0" tag="245"><subfield code="a">Reformatusok Lapja.</subfield></datafield><datafield ind1=" " ind2=" " tag="260"><subfield code="a">Oberlin, Ohio :</subfield><subfield code="b">Board of Business Management</subfield></datafield><datafield ind1=" " ind2=" " tag="300"><subfield code="a">volumes</subfield></datafield><datafield ind1=" " ind2=" " tag="310"><subfield code="a">Semimonthly (Sept.-June); and monthly, (July-Aug.)</subfield></datafield><datafield ind1=" " ind2=" " tag="336"><subfield code="a">text</subfield><subfield code="b">txt</subfield><subfield code="2">rdacontent</subfield></datafield><datafield ind1=" " ind2=" " tag="337"><subfield code="a">unmediated</subfield><subfield code="b">n</subfield><subfield code="2">rdamedia</subfield></datafield><datafield ind1=" " ind2=" " tag="338"><subfield code="a">volume</subfield><subfield code="b">nc</subfield><subfield code="2">rdacarrier</subfield></datafield><datafield ind1="1" ind2=" " tag="362"><subfield code="a">"Founded in 1900."</subfield></datafield><datafield ind1=" " ind2=" " tag="500"><subfield code="a">"Hungarian Reformed Religious Paper."</subfield></datafield><datafield ind1=" " ind2=" " tag="500"><subfield code="a">"Official Organ of the Evangelical and Reformed Church."</subfield></datafield><datafield ind1=" " ind2=" " tag="546"><subfield code="a">In Hungarian and English.</subfield></datafield><datafield ind1=" " ind2=" " tag="588"><subfield code="a">Description based on: Vol. 60, no. 3 (Feb. 1, 1960).</subfield></datafield><datafield ind1=" " ind2="0" tag="650"><subfield code="a">Reformed Church</subfield><subfield code="z">United States</subfield><subfield code="v">Periodicals.</subfield></datafield><datafield ind1="2" ind2="0" tag="610"><subfield code="a">Evangelical and Reformed Church</subfield><subfield code="v">Periodicals.</subfield></datafield><datafield ind1="2" ind2="0" tag="610"><subfield code="a">United Church of Christ.</subfield><subfield code="b">Calvin Synod</subfield><subfield code="v">Periodicals.</subfield></datafield><datafield ind1="2" ind2="7" tag="610"><subfield code="a">Evangelical and Reformed Church.</subfield><subfield code="2">fast</subfield><subfield code="0">(OCoLC)fst00529475</subfield></datafield><datafield ind1="2" ind2="7" tag="610"><subfield code="a">United Church of Christ.</subfield><subfield code="b">Calvin Synod.</subfield><subfield code="2">fast</subfield><subfield code="0">(OCoLC)fst00673227</subfield></datafield><datafield ind1=" " ind2="7" tag="650"><subfield code="a">Reformed Church.</subfield><subfield code="2">fast</subfield><subfield code="0">(OCoLC)fst01092606</subfield></datafield><datafield ind1=" " ind2="7" tag="651"><subfield code="a">United States.</subfield><subfield code="2">fast</subfield><subfield code="0">(OCoLC)fst01204155</subfield></datafield><datafield ind1=" " ind2="7" tag="655"><subfield code="a">Periodicals.</subfield><subfield code="2">fast</subfield><subfield code="0">(OCoLC)fst01411641</subfield></datafield><datafield ind1=" " ind2=" " tag="752"><subfield code="a">United States</subfield><subfield code="b">Ohio</subfield><subfield code="c">Lorain</subfield><subfield code="d">Oberlin.</subfield></datafield></record>